<?xml version="1.0" encoding="UTF-8"?><collection xmlns="http://www.loc.gov/MARC21/slim"><record><leader>00557nam--2200133-i-4500</leader><controlfield tag="001">000010049</controlfield><controlfield tag="002">20161230</controlfield><controlfield tag="005">20161230201028</controlfield><controlfield tag="008">060222s1000------------r-----000-0-eng-d</controlfield><datafield ind1=" " ind2=" " tag="080"><subfield code="a">614.876:061.3</subfield></datafield><datafield ind1=" " ind2=" " tag="245"><subfield code="a">Attivita de ricerca nel campo della sicurezza negli impianti nucleari. i. atti dei convegno nucleare di pisa organizzato dall andin sotto gli auspici dell aniai con la colaborazione de l cnen e della universita di pisa.21-26 ix1971</subfield></datafield><datafield ind1=" " ind2=" " tag="260"><subfield code="a">Roma, Comotato Nazionale Energia Nucleare, 1970. Xii + 547 P</subfield></datafield><datafield ind1=" " ind2=" " tag="490"><subfield code="a">Sertie Simposi</subfield></datafield><datafield ind1=" " ind2=" " tag="852"><subfield code="a">36515</subfield></datafield></record></collection>